<record><leader>00000cas a2200000Ma 4500</leader><controlfield tag="001">228689136</controlfield><controlfield tag="008">860801d1840185uvauir ne      0    0eng  </controlfield><datafield ind1=" " ind2=" " tag="010"><subfield code="a">sn 86071795 </subfield></datafield><datafield ind1=" " ind2=" " tag="040"><subfield code="a">DLC</subfield><subfield code="b">eng</subfield><subfield code="c">HUV</subfield><subfield code="d">OCLCQ</subfield><subfield code="d">OCLCF</subfield><subfield code="d">OCLCO</subfield></datafield><datafield ind1=" " ind2=" " tag="043"><subfield code="a">n-us-va</subfield></datafield><datafield ind1="0" ind2="4" tag="245"><subfield code="a">The Intelligencer, Petersburg, Va.</subfield></datafield><datafield ind1="3" ind2="0" tag="246"><subfield code="a">Intelligencer, and triweekly commercial advertiser</subfield></datafield><datafield ind1=" " ind2=" " tag="260"><subfield code="a">Petersburg, Va. :</subfield><subfield code="b">John W. Syme</subfield></datafield><datafield ind1=" " ind2=" " tag="300"><subfield code="a">v. ;</subfield><subfield code="c">Lg. (fol.)</subfield></datafield><datafield ind1=" " ind2=" " tag="310"><subfield code="a">Triweekly</subfield></datafield><datafield ind1="1" ind2=" " tag="362"><subfield code="a">Began in 1840. Cf. Cappon, L.J. Va. Newspapers.</subfield></datafield><datafield ind1=" " ind2=" " tag="530"><subfield code="a">Also issued on microfilm from Bell &amp; Howell, Micro Photo Div.</subfield></datafield><datafield ind1=" " ind2=" " tag="588"><subfield code="a">Description based on: Vol. 11, no. 6 (Aug. 26, 1841).</subfield></datafield><datafield ind1=" " ind2="0" tag="651"><subfield code="a">Petersburg (Va.)</subfield><subfield code="v">Newspapers.</subfield></datafield><datafield ind1=" " ind2="7" tag="655"><subfield code="a">Newspapers.</subfield><subfield code="2">fast</subfield><subfield code="0">(OCoLC)fst01423814</subfield></datafield><datafield ind1=" " ind2="7" tag="651"><subfield code="a">Virginia</subfield><subfield code="z">Petersburg.</subfield><subfield code="2">fast</subfield><subfield code="0">(OCoLC)fst01209840</subfield></datafield><datafield ind1="0" ind2=" " tag="775"><subfield code="t">Daily intelligencer (Petersburg, Va.)</subfield><subfield code="w">(DLC)sn 88074824</subfield></datafield><datafield ind1="0" ind2="0" tag="780"><subfield code="t">Intelligencer, &amp; Petersburg commercial advertiser</subfield><subfield code="w">(DLC)sn 84024505</subfield></datafield><datafield ind1="0" ind2="0" tag="785"><subfield code="t">Intelligencer (Petersburg, Va.)</subfield><subfield code="w">(DLC)sn 96096569</subfield></datafield></record>